@inproceedings{kim:understanding,
	address = {Minneapolis, MN, USA},
	series = {{SIGCSE} '19},
	title = {Understanding {Learning} {Curves} and {Trajectories} in {CSS} {Layout}},
	isbn = {978-1-4503-5890-3},
	url = {https://doi.org/10.1145/3287324.3287387},
	doi = {10.1145/3287324.3287387},
	urldate = {2020-06-13},
	booktitle = {Proceedings of the 50th {ACM} {Technical} {Symposium} on {Computer} {Science} {Education}},
	author = {Kim, Meen Chul and Park, Thomas H. and Liu, Ruixue and Forte, Andrea},
	year = {2019},
	pages = {504--510},
}

@misc{brown:modular,
  title = {Modular Scale},
  url = {https://www.modularscale.com/},
  abstract = {Calculate, visualize, and learn about modular scales.},
  urldate = {2020-07-01},
  author = {Tim Brown},
  year = {2017},
}


@Book{mb:grid,
  author    = "Josef Müller-Brockmann",
  title     = "Grid Systems in Graphic Design (12th ed.)",
  publisher = "Niggli/Braun Publishing AG",
  year      = "2017",
}

@Inproceedings{pw:learning,
  author = "Thomas H. Park and Susan Wiedenbeck",
  title = "Learning web development: challenges at an earlier stage of computing education",
  booktitle = "Proceedings of the seventh international workshop on Computing Education Research",
  series = "ICER '11",
  year = "2011",
  pages = "125–132",
  doi = "10.1145/2016911.2016937",
}
